@book{munoz2011contraception,
  author    = {Muñoz, Michael C.},
  title     = {Contraception},
  booktitle = {Médecine interne de Netter},
  editor    = {Runge, Marschall S. and Greganti, Michael A.},
  publisher = {Elsevier Masson},
  address   = {Paris},
  year      = {2011},
  pages     = {878--882},
  url       = {https://www.sciencedirect.com/science/article/pii/B9782294709517001146},
  note      = {Consulté le 1 janv 2024},
}

